<record><leader>00000cas a2200000 a 4500</leader><controlfield tag="001">9355998</controlfield><controlfield tag="008">830329d18251868scudn ne      0    0eng c</controlfield><datafield ind1=" " ind2=" " tag="010"><subfield code="a">sn 83045168 </subfield></datafield><datafield ind1=" " ind2=" " tag="040"><subfield code="a">CRL</subfield><subfield code="b">eng</subfield><subfield code="c">CRL</subfield><subfield code="d">NPW</subfield><subfield code="d">NPU</subfield><subfield code="d">NPV</subfield><subfield code="d">NPY</subfield><subfield code="d">DLC</subfield><subfield code="d">NPX</subfield><subfield code="d">OCL</subfield><subfield code="d">DLC</subfield><subfield code="d">NPA</subfield><subfield code="d">NST</subfield><subfield code="d">KNP</subfield><subfield code="d">NLG</subfield><subfield code="d">MFN</subfield><subfield code="d">ANU</subfield><subfield code="d">KNP</subfield><subfield code="d">MGN</subfield><subfield code="d">NVF</subfield><subfield code="d">SVN</subfield><subfield code="d">CNK</subfield><subfield code="d">CRL</subfield><subfield code="d">MGN</subfield><subfield code="d">FUG</subfield><subfield code="d">NVK</subfield><subfield code="d">MHN</subfield><subfield code="d">OBN</subfield><subfield code="d">NVF</subfield><subfield code="d">DLC</subfield><subfield code="d">KRTAS</subfield><subfield code="d">CUI</subfield><subfield code="d">OCLCQ</subfield><subfield code="d">OCLCF</subfield></datafield><datafield ind1=" " ind2=" " tag="012"><subfield code="b">3</subfield><subfield code="i">8708</subfield></datafield><datafield ind1=" " ind2=" " tag="019"><subfield code="a">2253615</subfield></datafield><datafield ind1="1" ind2=" " tag="029"><subfield code="a">AU@</subfield><subfield code="b">000003273685</subfield></datafield><datafield ind1=" " ind2=" " tag="042"><subfield code="a">pcc</subfield></datafield><datafield ind1=" " ind2=" " tag="043"><subfield code="a">n-us-sc</subfield></datafield><datafield ind1="0" ind2="0" tag="050"><subfield code="a">Newspaper 9711</subfield></datafield><datafield ind1="0" ind2="4" tag="082"><subfield code="a">071.57</subfield></datafield><datafield ind1="0" ind2=" " tag="130"><subfield code="a">Charleston mercury (Charleston, S.C. : 1825)</subfield></datafield><datafield ind1="1" ind2="4" tag="245"><subfield code="a">The Charleston mercury.</subfield></datafield><datafield ind1="1" ind2=" " tag="246"><subfield code="i">Published Dec. 20, 1860 and Apr. 14, 1861 as:</subfield><subfield code="a">Charleston mercury extra</subfield></datafield><datafield ind1="1" ind2=" " tag="246"><subfield code="i">Published Dec. 31, [1860] as:</subfield><subfield code="a">Mercury--extra</subfield></datafield><datafield ind1="1" ind2=" " tag="246"><subfield code="i">Published Feb. 2, 1863 as:</subfield><subfield code="a">Mercury. Charleston</subfield></datafield><datafield ind1=" " ind2=" " tag="260"><subfield code="a">Charleston, S.C. :</subfield><subfield code="b">H.L. Pinckney,</subfield><subfield code="c">1825-1868.</subfield></datafield><datafield ind1=" " ind2=" " tag="300"><subfield code="a">v.</subfield></datafield><datafield ind1=" " ind2=" " tag="310"><subfield code="a">Daily (except Sunday)</subfield></datafield><datafield ind1="0" ind2=" " tag="362"><subfield code="a">Vol. 4, no. 1036 (May 16, 1825)-v. 91, no. 12908 (Nov. 16, 1868).</subfield></datafield><datafield ind1=" " ind2=" " tag="515"><subfield code="a">Suspended Feb. 12, 1865-Nov. 18, 1866.</subfield></datafield><datafield ind1=" " ind2=" " tag="530"><subfield code="a">Available on microfilm from Micro Photo Div., Bell &amp; Howell Co., and the Library of Congress, Photoduplication Service.</subfield></datafield><datafield ind1=" " ind2=" " tag="580"><subfield code="a">Triweekly eds.: Charleston mercury (Charleston, S.C. : Triweekly), &lt;1827&gt;-1861, and: Tri-weekly mercury, 1861-1868.</subfield></datafield><datafield ind1=" " ind2="0" tag="651"><subfield code="a">Charleston (S.C.)</subfield><subfield code="v">Newspapers.</subfield></datafield><datafield ind1=" " ind2="0" tag="651"><subfield code="a">Charleston County (S.C.)</subfield><subfield code="v">Newspapers.</subfield></datafield><datafield ind1=" " ind2="7" tag="655"><subfield code="a">Newspapers.</subfield><subfield code="2">fast</subfield><subfield code="0">(OCoLC)fst01423814</subfield></datafield><datafield ind1=" " ind2="7" tag="651"><subfield code="a">South Carolina</subfield><subfield code="z">Charleston.</subfield><subfield code="2">fast</subfield><subfield code="0">(OCoLC)fst01204603</subfield></datafield><datafield ind1=" " ind2="7" tag="651"><subfield code="a">South Carolina</subfield><subfield code="z">Charleston County.</subfield><subfield code="2">fast</subfield><subfield code="0">(OCoLC)fst01210029</subfield></datafield><datafield ind1=" " ind2=" " tag="752"><subfield code="a">United States</subfield><subfield code="b">South Carolina</subfield><subfield code="c">Charleston</subfield><subfield code="d">Charleston.</subfield></datafield><datafield ind1="1" ind2=" " tag="775"><subfield code="t">Charleston mercury (Charleston, S.C. : Triweekly)</subfield><subfield code="w">(DLC)sn 83045170</subfield><subfield code="w">(OCoLC)9334950</subfield></datafield><datafield ind1="1" ind2=" " tag="775"><subfield code="t">Tri-weekly mercury</subfield><subfield code="w">(DLC)sn 83045169</subfield><subfield code="w">(OCoLC)9334909</subfield></datafield><datafield ind1="0" ind2="0" tag="780"><subfield code="t">Charleston mercury, and morning advertiser (Charleston, S.C. : Daily)</subfield><subfield code="w">(DLC)sn 84024761</subfield><subfield code="w">(OCoLC)11164307</subfield></datafield><datafield ind1=" " ind2=" " tag="850"><subfield code="a">NcD</subfield></datafield><datafield ind1=" " ind2=" " tag="938"><subfield code="a">Kirtas Technologies, Inc.</subfield><subfield code="b">KRTS</subfield><subfield code="n">736378</subfield></datafield></record>